<?xml version="1.0" encoding="UTF-8"?><collection xmlns="http://www.loc.gov/MARC21/slim"><record><leader>00370nam--2200121-i-4500</leader><controlfield tag="001">000020795</controlfield><controlfield tag="002">20161230</controlfield><controlfield tag="005">20161230201033</controlfield><controlfield tag="008">060222s1000------------r-----000-0-eng-d</controlfield><datafield ind1=" " ind2=" " tag="080"><subfield code="a">001.891</subfield></datafield><datafield ind1=" " ind2=" " tag="245"><subfield code="a">Rapport d`activite 1982 groupement de recherces coordonnees. interaction laser matiere</subfield></datafield><datafield ind1=" " ind2=" " tag="260"><subfield code="a">Centre National De La Recherche Scientifique 1983 259 P</subfield></datafield><datafield ind1=" " ind2=" " tag="852"><subfield code="a">80746</subfield></datafield></record></collection>